<?xml version="1.0" encoding="UTF-8" ?><collection><record><leader>     cim a22004091i 4500</leader><controlfield tag="006">m|||||o||h||||||||</controlfield><controlfield tag="007">cr ||a||||||||</controlfield><controlfield tag="007">sr |||||||||ed</controlfield><controlfield tag="008">      s        nz ||nn o      t|   eng  </controlfield><datafield tag="040" ind1="" ind2=""><subfield code="a">Nz</subfield><subfield code="b">eng</subfield><subfield code="e">rda</subfield><subfield code="c">Nz</subfield></datafield><datafield tag="042" ind1="" ind2=""><subfield code="a">nznb</subfield></datafield><datafield tag="043" ind1="" ind2=""><subfield code="a">u-nz---</subfield></datafield><datafield tag="100" ind1="1" ind2=""><subfield code="a">Miller, Geoffrey</subfield><subfield code="c">(Political commentator),</subfield><subfield code="e">interviewer.</subfield></datafield><datafield tag="245" ind1="1" ind2="0"><subfield code="a"></subfield></datafield><datafield tag="264" ind1="" ind2="1"><subfield code="a">[Wellington] :</subfield><subfield code="b">[Democracy Project],</subfield><subfield code="c">[&lt;year&gt;]</subfield></datafield><datafield tag="300" ind1="" ind2=""><subfield code="a">1 online resource (1 audio file)</subfield></datafield><datafield tag="336" ind1="" ind2=""><subfield code="a">spoken word</subfield><subfield code="2">rdacontent</subfield></datafield><datafield tag="337" ind1="" ind2=""><subfield code="a">computer</subfield><subfield code="2">rdamedia</subfield></datafield><datafield tag="338" ind1="" ind2=""><subfield code="a">online resource</subfield><subfield code="2">rdacarrier</subfield></datafield><datafield tag="344" ind1="" ind2=""><subfield code="a">digital</subfield><subfield code="2">rda</subfield></datafield><datafield tag="490" ind1="1" ind2=""><subfield code="a">Democracy Project podcast,</subfield><subfield code="x">[2703-6367] ;</subfield><subfield code="v">&lt;month day, year&gt;</subfield></datafield><datafield tag="500" ind1="" ind2=""><subfield code="a">Converted from audio files to streaming audio format.</subfield><subfield code="5">Nz</subfield></datafield><datafield tag="520" ind1="" ind2=""><subfield code="a">"&lt;summary&gt;"--RSS feed.</subfield></datafield><datafield tag="588" ind1="" ind2=""><subfield code="a">Record automatically derived from RSS feed.</subfield><subfield code="5">Nz</subfield></datafield><datafield tag="651" ind1="" ind2="0"><subfield code="a">New Zealand</subfield><subfield code="x">Politics and government.</subfield></datafield><datafield tag="655" ind1="" ind2="7"><subfield code="a">Podcasts.</subfield><subfield code="2">lcgft</subfield></datafield><datafield tag="710" ind1="2" ind2=""><subfield code="a">Democracy Project (N.Z.),</subfield><subfield code="e">issuing body.</subfield></datafield><datafield tag="800" ind1="1" ind2=""><subfield code="a">Miller, Geoffrey</subfield><subfield code="c">(Political commentator).</subfield><subfield code="t">Democracy Project podcast ;</subfield><subfield code="v">&lt;month day, year&gt;.</subfield></datafield><datafield tag="856" ind1="4" ind2="0"><subfield code="u"></subfield></datafield><datafield tag="856" ind1="4" ind2="2"><subfield code="3">File host</subfield><subfield code="u">&lt;insert page URL&gt;</subfield></datafield><datafield tag="901" ind1="" ind2=""><subfield code="a">MGR</subfield></datafield></record></collection>